
@inbook{woolridge2018,
	title = {Estimation par variables instrumentales et doubles moindres carrés},
	author = {Woolridge, Jeffrey M.},
	editor = {Woolridge, Jeffrey M. and {André}, Pierre and Beine, Michel and {Béreau}, Sophie and de la Rupelle, {Maëlys} and Gnabo, Jean-Yves and Heuchenne, {Cédric} and Leturcq, Marion},
	year = {2018},
	date = {2018},
	publisher = {De Boeck Supérieur},
	pages = {601--647},
	series = {Ouvertures économiques},
	address = {{"}Louvain-la-Neuve, Belgique{"}},
	langid = {FR}
}
